@Book{xie2015,
  title = {Dynamic Documents with {R} and knitr},
  author = {Yihui Xie},
  publisher = {Chapman and Hall/CRC},
  address = {Boca Raton, Florida},
  year = {2015},
  edition = {2nd},
  note = {ISBN 978-1498716963},
  url = {http://yihui.org/knitr/},
}

@misc{academiasuina,
author = {Academia-Suína},
title = {Quem somos | Academia Suína},
howpublished = {\url{https://academiasuina.eadbox.com/quem-somos}},
year = {2018},
note = {(Accessed on 07/09/2020)}
}

@misc{rstudiocloud,
author = {RStudio-Cloud},
title = {RStudio Cloud},
howpublished = {\url{https://rstudio.cloud/}},
year = {2020},
note = {(Accessed on 07/09/2020)}
}